@article{monteCarloIntro,
  author={Raychaudhuri, Samik},
  booktitle={2008 Winter Simulation Conference}, 
  title={Introduction to Monte Carlo simulation}, 
  year={2008},
  volume={},
  number={},
  pages={91-100},
  doi={10.1109/WSC.2008.4736059}
}

@article{bayesianAnalysis, 
    title={Doing Bayesian Data Analysis}, DOI={10.1016/c2012-0-00477-2}, 
    author={Kruschke, John K}, 
    year={2015}
}

@article{simpleMonteCarlo, 
    title={The Simple Monte Carlo}, 
    author={Owens, Art}, 
    year={2015}
}

@article{whatTeachersShouldKnow,
    author = {Hesterberg, Tim},
    year = {2014},
    month = {11},
    pages = {},
    title = {What Teachers Should Know About the Bootstrap: Resampling in the Undergraduate Statistics Curriculum},
    volume = {69},
    journal = {The American Statistician},
    doi = {10.1080/00031305.2015.1089789}
}

@article{howDoPermTestsWork,
    ISSN = {00905364},
    author = {Arnold Janssen and Thorsten Pauls},
    journal = {The Annals of Statistics},
    number = {3},
    pages = {768--806},
    publisher = {Institute of Mathematical Statistics},
    title = {How Do Bootstrap and Permutation Tests Work?},
    volume = {31},
    year = {2003}
}

@article{randomizationProcedures, 
    author = {Wang, Y., Rosenberger, W.F. \& Uschner, D.},
    title = {Randomization-based inference and the choice of randomization procedures}, 
    pages = {395--404},
    year = {2019}
}

@article{hesterbergTextbook, 
    title={Mathematical statistics with resampling and R}, 
    author={Chihara, L., \& Hesterberg, T.}, 
    year={2019}
}

@article{wildBootstrap, 
    author = {Mammen, E.},
    title = {Bootstrap, wild bootstrap, and asymptotic normality},
    journal = {Th. Rel. Fields},
    number = {93},
    pages = {439--455},
    year = {1992}
}

@article{paradoxPaper,
    author = {Peng Ding},
    title = {{A Paradox from Randomization-Based Causal Inference}},
    volume = {32},
    journal = {Statistical Science},
    number = {3},
    publisher = {Institute of Mathematical Statistics},
    pages = {331 -- 345},
    year = {2017}
}